<record><leader>00000cas a2200000 a 4500</leader><controlfield tag="001">17689034</controlfield><controlfield tag="008">880328d193u1937lauwr ne      0   a0eng c</controlfield><datafield ind1=" " ind2=" " tag="010"><subfield code="a">sn 88064279 </subfield></datafield><datafield ind1=" " ind2=" " tag="040"><subfield code="a">LNP</subfield><subfield code="b">eng</subfield><subfield code="c">LNP</subfield><subfield code="d">ANU</subfield><subfield code="d">EYM</subfield><subfield code="d">CNK</subfield><subfield code="d">LNP</subfield><subfield code="d">OCL</subfield><subfield code="d">OCLCQ</subfield><subfield code="d">OCLCF</subfield><subfield code="d">OCLCO</subfield><subfield code="d">DLC</subfield></datafield><datafield ind1=" " ind2=" " tag="012"><subfield code="i">9308</subfield></datafield><datafield ind1=" " ind2=" " tag="042"><subfield code="a">pcc</subfield></datafield><datafield ind1=" " ind2=" " tag="043"><subfield code="a">n-us---</subfield></datafield><datafield ind1=" " ind2=" " tag="090"><subfield code="a">HD8051</subfield><subfield code="b">.I57</subfield></datafield><datafield ind1="0" ind2="0" tag="245"><subfield code="a">Industrial Democrat.</subfield></datafield><datafield ind1=" " ind2=" " tag="260"><subfield code="a">Leesville, La. :</subfield><subfield code="b">Industrial Democrat</subfield></datafield><datafield ind1=" " ind2=" " tag="300"><subfield code="a">v. :</subfield><subfield code="b">ill.</subfield></datafield><datafield ind1=" " ind2=" " tag="310"><subfield code="a">Weekly</subfield></datafield><datafield ind1="1" ind2=" " tag="362"><subfield code="a">Ceased in 1937.</subfield></datafield><datafield ind1=" " ind2=" " tag="515"><subfield code="a">Some issues are misdated.</subfield></datafield><datafield ind1=" " ind2=" " tag="588"><subfield code="a">Description based on: Vol. 14, no. 11 (Mar. 12, 1931).</subfield></datafield><datafield ind1=" " ind2="0" tag="650"><subfield code="a">Labor unions</subfield><subfield code="z">Louisiana</subfield><subfield code="v">Newspapers.</subfield></datafield><datafield ind1=" " ind2="0" tag="650"><subfield code="a">Working class</subfield><subfield code="z">Louisiana</subfield><subfield code="v">Newspapers.</subfield></datafield><datafield ind1=" " ind2="0" tag="651"><subfield code="a">Leesville (La.)</subfield><subfield code="v">Newspapers.</subfield></datafield><datafield ind1=" " ind2="7" tag="650"><subfield code="a">Labor unions.</subfield><subfield code="2">fast</subfield><subfield code="0">(OCoLC)fst00990260</subfield></datafield><datafield ind1=" " ind2="7" tag="650"><subfield code="a">Working class.</subfield><subfield code="2">fast</subfield><subfield code="0">(OCoLC)fst01180418</subfield></datafield><datafield ind1=" " ind2="7" tag="651"><subfield code="a">Louisiana.</subfield><subfield code="2">fast</subfield><subfield code="0">(OCoLC)fst01207035</subfield></datafield><datafield ind1=" " ind2="7" tag="651"><subfield code="a">Louisiana</subfield><subfield code="z">Leesville.</subfield><subfield code="2">fast</subfield><subfield code="0">(OCoLC)fst01217774</subfield></datafield><datafield ind1=" " ind2="7" tag="655"><subfield code="a">Newspapers.</subfield><subfield code="2">fast</subfield><subfield code="0">(OCoLC)fst01423814</subfield></datafield><datafield ind1=" " ind2=" " tag="752"><subfield code="a">United States</subfield><subfield code="b">Louisiana</subfield><subfield code="c">Vernon</subfield><subfield code="d">Leesville.</subfield></datafield><datafield ind1="0" ind2="0" tag="780"><subfield code="t">Vernon Parish Democrat</subfield><subfield code="x">2377-9446</subfield><subfield code="w">(DLC)sn 88064278</subfield><subfield code="w">(OCoLC)17689022</subfield></datafield><datafield ind1="0" ind2="4" tag="785"><subfield code="t">Leesville leader</subfield><subfield code="g">Dec. 11, 1937</subfield><subfield code="w">(DLC)sn 84009669</subfield><subfield code="w">(OCoLC)10632139</subfield></datafield><datafield ind1=" " ind2=" " tag="850"><subfield code="a">MiU</subfield></datafield><datafield ind1="1" ind2=" " tag="029"><subfield code="a">AU@</subfield><subfield code="b">000020037975</subfield></datafield></record>